<record><leader>00000cas a2200000 a 4500</leader><controlfield tag="001">10820362</controlfield><controlfield tag="008">840608d18231826vtuwr ne      0    0eng d</controlfield><controlfield tag="009">330</controlfield><datafield ind1=" " ind2=" " tag="010"><subfield code="a">sn 84023292 </subfield></datafield><datafield ind1=" " ind2=" " tag="040"><subfield code="a">AQM</subfield><subfield code="b">eng</subfield><subfield code="c">AQM</subfield><subfield code="d">NPX</subfield><subfield code="d">NPU</subfield><subfield code="d">DLC</subfield><subfield code="d">NVF</subfield><subfield code="d">NVN</subfield><subfield code="d">OCL</subfield><subfield code="d">NVN</subfield><subfield code="d">HLS</subfield><subfield code="d">UKMGB</subfield><subfield code="d">DLC</subfield><subfield code="d">OCLCA</subfield><subfield code="d">OCLCF</subfield></datafield><datafield ind1="7" ind2=" " tag="016"><subfield code="a">013914850</subfield><subfield code="2">Uk</subfield></datafield><datafield ind1="1" ind2=" " tag="029"><subfield code="a">AU@</subfield><subfield code="b">000020129407</subfield></datafield><datafield ind1=" " ind2=" " tag="042"><subfield code="a">msc</subfield></datafield><datafield ind1=" " ind2=" " tag="043"><subfield code="a">n-us-vt</subfield></datafield><datafield ind1="0" ind2="0" tag="050"><subfield code="a">Newspaper</subfield></datafield><datafield ind1="0" ind2="0" tag="245"><subfield code="a">Woodstock observer, and Windsor and Orange County gazette.</subfield></datafield><datafield ind1="1" ind2="0" tag="246"><subfield code="a">Woodstock observer</subfield></datafield><datafield ind1="1" ind2="3" tag="246"><subfield code="a">Observer</subfield></datafield><datafield ind1=" " ind2=" " tag="260"><subfield code="a">Woodstock, Vt. :</subfield><subfield code="b">David Watson</subfield></datafield><datafield ind1=" " ind2=" " tag="300"><subfield code="a">v. ;</subfield><subfield code="c">52 cm.</subfield></datafield><datafield ind1=" " ind2=" " tag="310"><subfield code="a">Weekly</subfield></datafield><datafield ind1="0" ind2=" " tag="362"><subfield code="a">Vol. 4, no. 1 (Jan. 7, 1823)-v. 4, no. 52 (Dec. 26, 1826).</subfield></datafield><datafield ind1=" " ind2=" " tag="500"><subfield code="a">"Republican." Cf. Hindley, H. "Vermont journalism--an outline." Vermont review (May-June 1928): 107-112.</subfield></datafield><datafield ind1=" " ind2="0" tag="651"><subfield code="a">Woodstock (Vt.)</subfield><subfield code="v">Newspapers.</subfield></datafield><datafield ind1=" " ind2="0" tag="651"><subfield code="a">Orange County (Vt.)</subfield><subfield code="v">Newspapers.</subfield></datafield><datafield ind1=" " ind2="0" tag="651"><subfield code="a">Windsor County (Vt.)</subfield><subfield code="v">Newspapers.</subfield></datafield><datafield ind1=" " ind2="0" tag="651"><subfield code="a">Vermont</subfield><subfield code="v">Newspapers.</subfield></datafield><datafield ind1=" " ind2="7" tag="655"><subfield code="a">Newspapers.</subfield><subfield code="2">fast</subfield><subfield code="0">(OCoLC)fst01423814</subfield></datafield><datafield ind1=" " ind2="7" tag="651"><subfield code="a">Vermont.</subfield><subfield code="2">fast</subfield><subfield code="0">(OCoLC)fst01204305</subfield></datafield><datafield ind1=" " ind2="7" tag="651"><subfield code="a">Vermont</subfield><subfield code="z">Orange County.</subfield><subfield code="2">fast</subfield><subfield code="0">(OCoLC)fst01211985</subfield></datafield><datafield ind1=" " ind2="7" tag="651"><subfield code="a">Vermont</subfield><subfield code="z">Windsor County.</subfield><subfield code="2">fast</subfield><subfield code="0">(OCoLC)fst01215300</subfield></datafield><datafield ind1=" " ind2="7" tag="651"><subfield code="a">Vermont</subfield><subfield code="z">Woodstock.</subfield><subfield code="2">fast</subfield><subfield code="0">(OCoLC)fst01211519</subfield></datafield><datafield ind1=" " ind2=" " tag="752"><subfield code="a">United States</subfield><subfield code="b">Vermont</subfield><subfield code="c">Windsor</subfield><subfield code="d">Woodstock.</subfield></datafield><datafield ind1="0" ind2="0" tag="780"><subfield code="t">Woodstock observer</subfield><subfield code="w">(DLC)sn 84023291</subfield><subfield code="w">(OCoLC)10858736</subfield></datafield><datafield ind1="0" ind2="0" tag="785"><subfield code="t">Woodstock observer. Windsor &amp; Orange County gazette</subfield><subfield code="w">(DLC)sn 84023293</subfield><subfield code="w">(OCoLC)10858773</subfield></datafield></record>